% Encoding: UTF-8

@INPROCEEDINGS{page1966,
author = {Page, E. B.},
title = {Grading essays by computer: Progress report},
booktitle = {Notes from the 1966 Invitational Conference on Testing Problems},
year = {1966},
pages = {87--100},
}

@ARTICLE{wolfe1998,
author = {Wolfe, M. B. and Schreiner, M. and Rehder, B. and Laham, D. and Foltz, P. W. and Kintsch, W. and Landauer, T. K.},
year = {1998},
title = {Learning from text: Matching readers and texts by {L}atent {S}emantic {A}nalysis},
journal = {Discourse Processes}, 
volume = {25},
number = {2--3},
pages = {309--336},
}

@ARTICLE{blei2003,
author = {Blei, D. M. and Ng, A. Y. and Jordan, M. I.},
year = {2003},
title = {Latent {D}irichlet {A}llocation},
journal = {Journal of Machine Learning Research}, 
volume = {3},
pages = {993--1022},
}

@ARTICLE{landauer1997,
author = {Landauer, T. K. and Dumais, S. T.},
year = {1997},
title = {A solution to {P}lato's problem: The {L}atent {S}emantic {A}nalysis theory of acquisition, induction, and representation of knowledge},
journal = {Psychological Review}, 
volume = {104},
number = {2},
pages = {211--240},
}

@ARTICLE{alves2015,
author = {Alves dos Santos, J. C. and Favero, E. L.},
year = {2015},
title = {Practical use of a {L}atent {S}emantic {A}nalysis {LSA} model for automatic evaluation of written answers},
journal = {Journal of the Brazilian Computer Society}, 
volume = {21},
number = {21},
pages = {1--8},
}

@ARTICLE{kakkonen2008,
author = {Kakkonen, T. and Myller, N. and Sutinen, E. and Timonen, J.},
year = {2008},
title = {Comparison of dimensionality reduction methods for automated essay grading},
journal = {Educational Technology and Society}, 
volume = {11},
number = {3},
pages = {275--288},
}

@BOOK{gleitman2011,
author = {Gleitman, H. and Gross, J. and Reisberg, D.},
year = {2011},
title = {Psychology},
publisher = {W. W. Norton \& Company},
edition = {8th},
address = {New York, NY},
}

@BOOK{bird2009,
author = {Bird, S. and Loper, E. and Klein, E.},
year = {2009},
title = {Natural language processing with {P}ython},
publisher = {O'ReillyMedia Inc},
address = {Sebastopol, CA},
}

@ARTICLE{foltz1998,
author = {Foltz, P. W. and Laham, D. and Landauer, T. K.},
year = {1998},
title = {The {I}ntelligent {E}ssay {A}ssessor: Applications to educational technology},
journal = {Interactive Multimedia Journal of Computer-Enhanced Learning}, 
volume = {1},
number = {2},
pages = {1--9},
}

@article{zhang2014,
author = {Zhang, Mingqing and Hao, Shudong and Xu, Yanyan and Ke, Dengfeng and Peng, Hengli},
doi = {10.4304/jsw.9.2.429-436},
file = {:C$\backslash$:/Users/johan/Dropbox/PhD/Courses/Text and multimedia mining/Project/Literature/Zhang et al. (2014).pdf:pdf},
issn = {1796217X},
journal = {Journal of Software},
keywords = {Automated essay scoring,Automatic grading,Incremental latent semantic analysis,LSA,Singular value decomposition},
mendeley-groups = {Automatic grading},
mendeley-tags = {Automatic grading,LSA},
number = {2},
pages = {429--436},
title = {{Automated essay scoring using incremental Latent Semantic Analysis}},
volume = {9},
year = {2014}
}

@inproceedings{tobinski2013,
author = {Tobinski, David and Kraft, Oliver},
booktitle = {Proceedings of the First International Workshop on Artificial Intelligence and Cognition},
file = {:C$\backslash$:/Users/johan/AppData/Local/Mendeley Ltd./Mendeley Desktop/Downloaded/Tobinski, Kraft - 2013 - Latent semantic analysis as a method for automatic question scoring.pdf:pdf},
keywords = {Automatic grading,LSA,TMM,automated scoring,latent semantic analysis,lsa,open},
mendeley-groups = {Automatic grading},
mendeley-tags = {Automatic grading,LSA,TMM},
title = {{Latent Semantic Analysis as a method for automatic question scoring}},
year = {2013}
}

@inproceedings{rehurek2010,
        title = {{Software Framework for Topic Modelling with Large Corpora}},
        author = {{\v R}eh{\r u}{\v r}ek, Radim and Sojka, Petr},
        booktitle = {{Proceedings of the LREC 2010 Workshop on New Challenges for NLP Frameworks}},
        pages = {45--50},
        year = 2010,
        month = May,
        day = 22,
        publisher = {ELRA},
        address = {Valletta, Malta},
        language={English}
}

